<?xml version="1.0" encoding="UTF-8" ?>
<collection xmlns:xsi="http://www.w3.org/2001/XMLSchema-instance"
    xsi:schemaLocation="http://www.loc.gov/MARC21/slim
        http://www.loc.gov/standards/marcxml/schema/MARC21slim.xsd"
    xmlns="http://www.loc.gov/MARC21/slim">
<record>
  <leader>00227cam a2200421 i 4500</leader>
  <controlfield tag="001">b12385232</controlfield>
  <controlfield tag="003">LeBAU</controlfield>
  <controlfield tag="005">20180329</controlfield>
  <controlfield tag="008">970307s1931    sy            ||0 0 ara d</controlfield>
  <datafield tag="035" ind1=" " ind2=" ">
    <subfield code="a">ocn784293167</subfield>
  </datafield>
  <datafield tag="040" ind1=" " ind2=" ">
    <subfield code="a">LEAUB</subfield>
    <subfield code="b">ara</subfield>
    <subfield code="e">rda</subfield>
    <subfield code="c">LEAUB</subfield>
    <subfield code="d">LEAUB</subfield>
  </datafield>
  <datafield tag="082" ind1="0" ind2="4">
    <subfield code="a">297.8</subfield>
    <subfield code="2">22</subfield>
  </datafield>
  <datafield tag="100" ind1="1" ind2=" ">
    <subfield code="6">880-01</subfield>
    <subfield code="a">Saffārīnī, Muḥammad ibn Aḥmad,</subfield>
    <subfield code="d">1702 or 1703-1774,</subfield>
    <subfield code="e">author.</subfield>
  </datafield>
  <datafield tag="245" ind1="1" ind2="0">
    <subfield code="6">880-02</subfield>
    <subfield code="a">Mukhtaṣar lawāmiʻ al-anwār al-bahīyah wa-sawāṭiʻ al-asrār al-athārīyah li-sharḥ al-durrah al-muḍīyah fī ʻaqd al-firqah al-marḍīyah /</subfield>
    <subfield code="c">ta’līf al-imām al-kabīr wa-al-muḥaqqiq al-shahīr al-shaykh Muammad al-Saffārīnī al-Nābulsī al-Ḥanbalī ; ikhtiṣār al-ʻallāmah al-mutafannin al-wariʻ al-Shaykh Ḥasan al-Shaṭṭī al-Ḥanbalī al-Dimashqī.</subfield>
  </datafield>
  <datafield tag="264" ind1=" " ind2="1">
    <subfield code="6">880-03</subfield>
    <subfield code="a">Dimashq :</subfield>
    <subfield code="b">Maṭbaʻat al-Taraqqī,</subfield>
    <subfield code="c">1350 [H.] = 1931 [M.]</subfield>
  </datafield>
  <datafield tag="300" ind1=" " ind2=" ">
    <subfield code="6">880-04</subfield>
    <subfield code="a">206 pages ;</subfield>
    <subfield code="c">24 cm</subfield>
  </datafield>
  <datafield tag="336" ind1=" " ind2=" ">
    <subfield code="a">text</subfield>
    <subfield code="b">txt</subfield>
    <subfield code="2">rdacontent</subfield>
  </datafield>
  <datafield tag="337" ind1=" " ind2=" ">
    <subfield code="a">unmediated</subfield>
    <subfield code="b">n</subfield>
    <subfield code="2">rdamedia</subfield>
  </datafield>
  <datafield tag="338" ind1=" " ind2=" ">
    <subfield code="a">volume</subfield>
    <subfield code="b">nc</subfield>
    <subfield code="2">rdacarrier</subfield>
  </datafield>
  <datafield tag="600" ind1="1" ind2="4">
    <subfield code="a">السفاريني، محمد بن احمد،</subfield>
    <subfield code="d">1702 او 1703-1774.</subfield>
    <subfield code="t">لوامع الأنوار البهية وسواطع الأسرار الأثرية لشرح الدرة المضية.</subfield>
  </datafield>
  <datafield tag="600" ind1="1" ind2="0">
    <subfield code="a">Saffārīnī, Muḥammad ibn Aḥmad,</subfield>
    <subfield code="d">1702 or 1703-1774.</subfield>
    <subfield code="t">lawāmi‘ al-anwār al-bahīyah wa-sawāṭi‘ al-asrār al-athārīyah li-sharḥ al-Durrah al-muḍīyah.</subfield>
  </datafield>
  <datafield tag="650" ind1=" " ind2="4">
    <subfield code="a">الاسلام</subfield>
    <subfield code="x">عقائد</subfield>
    <subfield code="v">اعمال قديمة حتى 1800.</subfield>
  </datafield>
  <datafield tag="650" ind1=" " ind2="4">
    <subfield code="a">المذهب الحنبلي</subfield>
    <subfield code="v">اعمال قديمة حتى 1800.</subfield>
  </datafield>
  <datafield tag="650" ind1=" " ind2="0">
    <subfield code="a">Islam</subfield>
    <subfield code="x">Doctrines</subfield>
    <subfield code="v">Early works to 1800.</subfield>
  </datafield>
  <datafield tag="650" ind1=" " ind2="0">
    <subfield code="a">Hanbalites</subfield>
    <subfield code="v">Early works to 1800.</subfield>
  </datafield>
  <datafield tag="700" ind1="1" ind2=" ">
    <subfield code="6">880-05</subfield>
    <subfield code="a">Shaṭṭī, Ḥasan ibn ʻUmar,</subfield>
    <subfield code="d">1790 or 1791-1858,</subfield>
    <subfield code="e">abridger.</subfield>
  </datafield>
  <datafield tag="787" ind1="0" ind2=" ">
    <subfield code="6">880-06</subfield>
    <subfield code="i">is abridgement of (work)</subfield>
    <subfield code="4">http://rdaregistry.info/Elements/w/P10125:</subfield>
    <subfield code="a">Saffārīnī, Muḥammad ibn Aḥmad, 1702 or 1703-1774.</subfield>
    <subfield code="t">Lawāmiʻ al-anwār al-bahīyah wa-sawāṭiʻ al-asrār al-atharīyah : li-sharḥ al-durrah al-muḍīyah fī ʻaqd al-firqah al-marḍīyah.</subfield>
    <subfield code="b">al-Ṭabʻah al-ūlá.</subfield>
    <subfield code="d">al-Riyāḍ, al-Mamlakah al-ʻArabīyah al-Saʻūdīyah : Dār al-Tawḥīd lil-Nashr, 1437 H. = 2017 M.</subfield>
    <subfield code="w">b1920775x</subfield>
  </datafield>
  <datafield tag="852" ind1=" " ind2=" ">
    <subfield code="a">Jafet Library</subfield>
    <subfield code="e">American University of Beirut, Bliss Street , Beirut, Lebanon.</subfield>
  </datafield>
  <datafield tag="880" ind1="1" ind2=" ">
    <subfield code="6">100-01/(3/r</subfield>
    <subfield code="a">السفاريني، محمد بن احمد،</subfield>
    <subfield code="d">1702 او 1703-1774،</subfield>
    <subfield code="e">مؤلف. </subfield>
    <subfield code="4">aut.</subfield>
  </datafield>
  <datafield tag="880" ind1="1" ind2="0">
    <subfield code="6">245-02/(3/r</subfield>
    <subfield code="a">مختصر لوامع الأنوار البهية وسواطع الأسرار الأثرية لشرح الدرة المضية في عقد الفرقة المرضية /</subfield>
    <subfield code="c">تأليف الإمام الكبير والمحقق الشهير الشيخ محمد السفاريني النابلسي الحنبلي ؛ إختصار العلامة المتفنن الورع الشيخ حسن الشطي الحنبلي الدمشقي.</subfield>
  </datafield>
  <datafield tag="880" ind1=" " ind2="1">
    <subfield code="6">264-03/(3/r</subfield>
    <subfield code="a">دمشق :</subfield>
    <subfield code="b">مطبعة الترقي،</subfield>
    <subfield code="c">1350 [هـ.] = 1931 [م.]</subfield>
  </datafield>
  <datafield tag="880" ind1=" " ind2=" ">
    <subfield code="6">300-04/(3/r</subfield>
    <subfield code="a">206 صفحات ؛</subfield>
    <subfield code="c">24 سم</subfield>
  </datafield>
  <datafield tag="880" ind1="1" ind2=" ">
    <subfield code="6">700-05/(3/r</subfield>
    <subfield code="a">الشطي، حسن بن عمر،</subfield>
    <subfield code="d">1790 او 1791-1858،</subfield>
    <subfield code="e">مختصر. </subfield>
    <subfield code="4">abr.</subfield>
  </datafield>
  <datafield tag="880" ind1="0" ind2=" ">
    <subfield code="6">787-06/(3/r</subfield>
    <subfield code="i">مختصر ل (عمل)</subfield>
    <subfield code="4">http://rdaregistry.info/Elements/w/P10125:</subfield>
    <subfield code="a">السفاريني، شمس الدين محمد بن احمد، 1702-1774.</subfield>
    <subfield code="t">لوامع الأنوار البهية وسواطع الأسرار الأثرية : لشرح الدرة المضية في عقد الفرقة المرضية.</subfield>
    <subfield code="b">الطبعة الاولى.</subfield>
    <subfield code="d">الرياض، المملكة العربية السعودية : دار التوحيد للنشر، 1437 هـ. = 2017 م.</subfield>
    <subfield code="w">b1920775x</subfield>
  </datafield>
  <datafield tag="907" ind1=" " ind2=" ">
    <subfield code="a">.b12385232</subfield>
    <subfield code="b">18-04-27</subfield>
    <subfield code="c">11-05-24</subfield>
  </datafield>
  <datafield tag="907" ind1=" " ind2=" ">
    <subfield code="a">.b12385232</subfield>
    <subfield code="b">15-10-15</subfield>
    <subfield code="c">11-05-24</subfield>
  </datafield>
  <datafield tag="945" ind1=" " ind2=" ">
    <subfield code="f">J</subfield>
    <subfield code="a">297.8:S121mA:c.1</subfield>
    <subfield code="g">1</subfield>
    <subfield code="i">01011439</subfield>
    <subfield code="j">.i1284343x</subfield>
    <subfield code="l">u0503</subfield>
  </datafield>
  <datafield tag="998" ind1=" " ind2=" ">
    <subfield code="a">u05</subfield>
    <subfield code="b">97-03-07</subfield>
    <subfield code="c">m</subfield>
    <subfield code="d">a</subfield>
    <subfield code="e">-</subfield>
    <subfield code="f">ara</subfield>
    <subfield code="g">sy </subfield>
    <subfield code="h">0</subfield>
    <subfield code="i">1</subfield>
  </datafield>
</record>
</collection>
